<?xml version="1.0" encoding="UTF-8"?><record xmlns="http://www.loc.gov/MARC21/slim" xmlns:cinclude="http://apache.org/cocoon/include/1.0" xmlns:zs="http://www.loc.gov/zing/srw/">
  <leader>00620nz  a2200121n  4500</leader>
  <controlfield tag="001">n 2007208151</controlfield>
  <controlfield tag="003">DLC</controlfield>
  <controlfield tag="005">20070320074951.0</controlfield>
  <controlfield tag="008">070319n| acannaabn          |n aaa      </controlfield>
  <datafield tag="010" ind1=" " ind2=" ">
    <subfield code="a">n 2007208151</subfield>
  </datafield>
  <datafield tag="040" ind1=" " ind2=" ">
    <subfield code="a">DLC</subfield>
    <subfield code="b">eng</subfield>
    <subfield code="c">DLC</subfield>
  </datafield>
  <datafield tag="100" ind1="1" ind2=" ">
    <subfield code="a">Oluoch, Jemima Atieno</subfield>
  </datafield>
  <datafield tag="670" ind1=" " ind2=" ">
    <subfield code="a">The Christian political theology of Dr. John Henry Okullu, 2006:</subfield>
    <subfield code="b">t.p. (Jemima Atieno Oluoch) p. 4 of cover (senior lecturer, Daystar University; Bachelor of Education (Univ. of Nairobi), Master of Divinity (Nairobi Evangelical Graduate School of Theology), and Master of Theology (University of Natal); currently pursuing PhD at Free University, Amsterdam)</subfield>
  </datafield>
</record>